@Book{ Kriesel2007NeuralNetworks, 
  author = { David Kriesel }, 
  title =  { A Brief Introduction to Neural Networks },
  year =   { 2007 }, 
  url =   {http://www.dkriesel.com} 
}

@inproceedings{Omondi2006FPGAIO,
  title={FPGA Implementations of Neural Networks},
  author={A. Omondi and J. Rajapakse},
  year={2006}
}

% Specyfikacja techniczna.
@manual{hlsXilinxGuide,
  title        = "Vivado Design Suite User Guide High-Level Synthesis (UG871 (v2019.2))",
  howpublished = "Dostęp zdalny (14.09.2020): \url{https://www.xilinx.com/support/documentation/sw_manuals/xilinx2019_2/ug871-vivado-high-level-synthesis-tutorial.pdf}",
  year         = "2020"
}

@book{Goodfellow-et-al-2016,
  title={Deep Learning},
  author={Ian Goodfellow and Yoshua Bengio and Aaron Courville},
  publisher={MIT Press},
  note={\url{http://www.deeplearningbook.org}},
  year={2016}
}


@article{lecun-mnisthandwrittendigit-2010,
  added-at = {2010-06-28T21:16:30.000+0200},
  author = {LeCun, Yann and Cortes, Corinna},
  biburl = {https://www.bibsonomy.org/bibtex/2935bad99fa1f65e03c25b315aa3c1032/mhwombat},
  groups = {public},
  howpublished = {http://yann.lecun.com/exdb/mnist/},
  interhash = {21b9d0558bd66279df9452562df6e6f3},
  intrahash = {935bad99fa1f65e03c25b315aa3c1032},
  keywords = {MSc _checked character_recognition mnist network neural},
  lastchecked = {2016-01-14 14:24:11},
  timestamp = {2016-07-12T19:25:30.000+0200},
  title = {{MNIST} handwritten digit database},
  url = {http://yann.lecun.com/exdb/mnist/},
  username = {mhwombat},
  year = 2010
}

% Specyfikacja techniczna.
@manual{VivadoGuide,
  author       = "Xilinx",
  title        = "Vivado Design Suite User Guide (UG973 (v2019.2))",
  howpublished = "Dostęp zdalny (22.09.2020): \url{https://www.xilinx.com/support/documentation/sw_manuals/xilinx2019_2/ug973-vivado-release-notes-install-license.pdf}",
  year         = "2019"
}

% Specyfikacja techniczna.
@manual{PetalinuxGuide,
  title        = "PetaLinux Tools Documentation Reference Guide (UG1144 (v2019.2))",
  howpublished = "Dostęp zdalny (22.09.2020): \url{https://www.xilinx.com/support/documentation/sw_manuals/xilinx2019_2/ug1144-petalinux-tools-reference-guide.pdf}",
  year         = "2019"
}

http://www.myirtech.com/company.asp

% Źródło innego typu, np. repozytorium na GitHubie.
@misc{myir,
  author       = "MYIR",
  title        = "Company Profile",
  howpublished = "Dostęp zdalny (22.09.2020): \url{http://www.myirtech.com/company.asp}",
  year         = "2020"
}

@book{tadeusiewicz1993sieci,
  title={Sieci neuronowe},
  author={Tadeusiewicz, Ryszard},
  year = "1993"
}

@book{tadeusiewicz2015leksykon,
  title={Leksykon sieci neuronowych},
  author={Tadeusiewicz, Ryszard and Szaleniec, Maciej},
  year={2015},
  publisher={Projekt Nauka. Fundacja na rzecz promocji nauki polskiej}
}

% Specyfikacja techniczna.
@manual{ZturnIOCapeSchematic,
  title        = "Z-turn IO Cape Schematic",
  howpublished = "Dostęp zdalny (24.09.2020): \url{http://www.myirtech.com/download/Zynq7000/Z-TURNIOCAPE-SCH.pdf}",
  year         = "2015"
}

@misc{haykin2009neural,
  title={Neural networks and learning machines/Simon Haykin.},
  author={Haykin, Simon S and others},
  year={2009},
  publisher={New York: Prentice Hall,}
}

@book{nielsen2015neural,
  title={Neural networks and deep learning},
  author={Nielsen, Michael A},
  volume={2018},
  year={2015},
  publisher={Determination press San Francisco, CA}
}

